
@article{athey2017state,
	title={The state of applied econometrics: Causality and policy evaluation},
	author={Athey, Susan and Imbens, Guido W},
	journal={Journal of Economic Perspectives},
	volume={31},
	number={2},
	pages={3--32},
	year={2017}
}


@article{canadell2008managing,
	title={Managing forests for climate change mitigation},
	author={Canadell, Josep G and Raupach, Michael R},
	journal={science},
	volume={320},
	number={5882},
	pages={1456--1457},
	year={2008},
	publisher={American Association for the Advancement of Science}
}



@article{carletto2013towards,
	title={Towards better measurement of household food security: Harmonizing indicators and the role of household surveys},
	author={Carletto, Calogero and Zezza, Alberto and Banerjee, Raka},
	journal={Global food security},
	volume={2},
	number={1},
	pages={30--40},
	year={2013},
	publisher={Elsevier}
}


@incollection{gueron2017politics,
	title={The politics and practice of social experiments: Seeds of a revolution},
	author={Gueron, Judith M},
	booktitle={Handbook of Economic Field Experiments},
	volume={1},
	pages={27--69},
	year={2017},
	publisher={Elsevier}
}


@article{holland1986statistics,
	title={Statistics and causal inference},
	author={Holland, Paul W},
	journal={Journal of the American statistical Association},
	volume={81},
	number={396},
	pages={945--960},
	year={1986},
	publisher={Taylor \& Francis}
}


@article{imbens2009recent,
	title={Recent developments in the econometrics of program evaluation},
	author={Imbens, Guido W and Wooldridge, Jeffrey M},
	journal={Journal of economic literature},
	volume={47},
	number={1},
	pages={5--86},
	year={2009}
}


@article{pagiola2005can,
	title={Can payments for environmental services help reduce poverty? An exploration of the issues and the evidence to date from Latin America},
	author={Pagiola, Stefano and Arcenas, Agustin and Platais, Gunars},
	journal={World development},
	volume={33},
	number={2},
	pages={237--253},
	year={2005},
	publisher={Elsevier}
}



@article{rubin1974estimating,
	title={Estimating causal effects of treatments in randomized and nonrandomized studies.},
	author={Rubin, Donald B},
	journal={Journal of educational Psychology},
	volume={66},
	number={5},
	pages={688},
	year={1974},
	publisher={American Psychological Association}
}


@book{seymour2016forests,
	title={Why forests? Why now?: The science, economics, and politics of tropical forests and climate change},
	author={Seymour, Frances and Busch, Jonah},
	year={2016},
	publisher={Brookings Institution Press}
}


